<record><leader>00000cas a22000007a 4500</leader><controlfield tag="001">23193655</controlfield><controlfield tag="008">910306d18821896nyuwr ne      0    0eng d</controlfield><datafield ind1=" " ind2=" " tag="010"><subfield code="a">sn 91066188 </subfield></datafield><datafield ind1=" " ind2=" " tag="040"><subfield code="a">NYS</subfield><subfield code="b">eng</subfield><subfield code="c">NYS</subfield><subfield code="d">OCLCQ</subfield><subfield code="d">OCLCF</subfield><subfield code="d">OCLCO</subfield></datafield><datafield ind1=" " ind2=" " tag="042"><subfield code="a">msc</subfield></datafield><datafield ind1=" " ind2=" " tag="043"><subfield code="a">n-us-ny</subfield></datafield><datafield ind1="0" ind2="4" tag="245"><subfield code="a">The Watkins herald.</subfield></datafield><datafield ind1=" " ind2=" " tag="260"><subfield code="a">Watkins, N.Y. :</subfield><subfield code="b">S.H. &amp; L.W. Ferenbaugh</subfield></datafield><datafield ind1=" " ind2=" " tag="300"><subfield code="a">v. ;</subfield><subfield code="c">61 cm.</subfield></datafield><datafield ind1=" " ind2=" " tag="310"><subfield code="a">Weekly</subfield></datafield><datafield ind1="1" ind2=" " tag="362"><subfield code="a">Began in 1882? Ceased with Mar. 7, 1896 issue?</subfield></datafield><datafield ind1=" " ind2=" " tag="500"><subfield code="a">Watkins, N.Y. later became known as Watkins Glen, N.Y.</subfield></datafield><datafield ind1=" " ind2=" " tag="588"><subfield code="a">Description based on: Vol. 18, no. 35 (Jan. 11, 1896) = whole no. 973.</subfield></datafield><datafield ind1=" " ind2="0" tag="651"><subfield code="a">Watkins Glen (N.Y.)</subfield><subfield code="v">Newspapers.</subfield></datafield><datafield ind1=" " ind2="0" tag="651"><subfield code="a">Schuyler County (N.Y.)</subfield><subfield code="v">Newspapers.</subfield></datafield><datafield ind1=" " ind2="7" tag="655"><subfield code="a">Newspapers.</subfield><subfield code="2">fast</subfield><subfield code="0">(OCoLC)fst01423814</subfield></datafield><datafield ind1=" " ind2="7" tag="651"><subfield code="a">New York (State)</subfield><subfield code="z">Schuyler County.</subfield><subfield code="2">fast</subfield><subfield code="0">(OCoLC)fst01208406</subfield></datafield><datafield ind1=" " ind2="7" tag="651"><subfield code="a">New York (State)</subfield><subfield code="z">Watkins Glen.</subfield><subfield code="2">fast</subfield><subfield code="0">(OCoLC)fst01220235</subfield></datafield><datafield ind1=" " ind2=" " tag="752"><subfield code="a">United States</subfield><subfield code="b">New York</subfield><subfield code="c">Schuyler</subfield><subfield code="d">Watkins Glen.</subfield></datafield><datafield ind1="0" ind2="0" tag="780"><subfield code="t">Havana Democrat</subfield></datafield><datafield ind1="0" ind2="0" tag="785"><subfield code="t">Watkins review</subfield><subfield code="w">(DLC)sn 84031322</subfield></datafield></record>